%YAML 1.1
%TAG !u! tag:unity3d.com,2011:
--- !u!29 &1
OcclusionCullingSettings:
  m_ObjectHideFlags: 0
  serializedVersion: 2
  m_OcclusionBakeSettings:
    smallestOccluder: 5
    smallestHole: 0.25
    backfaceThreshold: 100
  m_SceneGUID: 00000000000000000000000000000000
  m_OcclusionCullingData: {fileID: 0}
--- !u!104 &2
RenderSettings:
  m_ObjectHideFlags: 0
  serializedVersion: 8
  m_Fog: 0
  m_FogColor: {r: 0.5, g: 0.5, b: 0.5, a: 1}
  m_FogMode: 3
  m_FogDensity: 0.01
  m_LinearFogStart: 0
  m_LinearFogEnd: 300
  m_AmbientSkyColor: {r: 0.212, g: 0.227, b: 0.259, a: 1}
  m_AmbientEquatorColor: {r: 0.114, g: 0.125, b: 0.133, a: 1}
  m_AmbientGroundColor: {r: 0.047, g: 0.043, b: 0.035, a: 1}
  m_AmbientIntensity: 1
  m_AmbientMode: 0
  m_SubtractiveShadowColor: {r: 0.42, g: 0.478, b: 0.627, a: 1}
  m_SkyboxMaterial: {fileID: 10304, guid: 0000000000000000f000000000000000, type: 0}
  m_HaloStrength: 0.5
  m_FlareStrength: 1
  m_FlareFadeSpeed: 3
  m_HaloTexture: {fileID: 0}
  m_SpotCookie: {fileID: 10001, guid: 0000000000000000e000000000000000, type: 0}
  m_DefaultReflectionMode: 0
  m_DefaultReflectionResolution: 128
  m_ReflectionBounces: 1
  m_ReflectionIntensity: 1
  m_CustomReflection: {fileID: 0}
  m_Sun: {fileID: 0}
  m_IndirectSpecularColor: {r: 0.44657898, g: 0.4964133, b: 0.5748178, a: 1}
--- !u!157 &3
LightmapSettings:
  m_ObjectHideFlags: 0
  serializedVersion: 11
  m_GIWorkflowMode: 0
  m_GISettings:
    serializedVersion: 2
    m_BounceScale: 1
    m_IndirectOutputScale: 1
    m_AlbedoBoost: 1
    m_TemporalCoherenceThreshold: 1
    m_EnvironmentLightingMode: 0
    m_EnableBakedLightmaps: 1
    m_EnableRealtimeLightmaps: 1
  m_LightmapEditorSettings:
    serializedVersion: 9
    m_Resolution: 2
    m_BakeResolution: 40
    m_TextureWidth: 1024
    m_TextureHeight: 1024
    m_AO: 0
    m_AOMaxDistance: 1
    m_CompAOExponent: 1
    m_CompAOExponentDirect: 0
    m_Padding: 2
    m_LightmapParameters: {fileID: 0}
    m_LightmapsBakeMode: 1
    m_TextureCompression: 1
    m_FinalGather: 0
    m_FinalGatherFiltering: 1
    m_FinalGatherRayCount: 256
    m_ReflectionCompression: 2
    m_MixedBakeMode: 2
    m_BakeBackend: 0
    m_PVRSampling: 1
    m_PVRDirectSampleCount: 32
    m_PVRSampleCount: 500
    m_PVRBounces: 2
    m_PVRFilterTypeDirect: 0
    m_PVRFilterTypeIndirect: 0
    m_PVRFilterTypeAO: 0
    m_PVRFilteringMode: 1
    m_PVRCulling: 1
    m_PVRFilteringGaussRadiusDirect: 1
    m_PVRFilteringGaussRadiusIndirect: 5
    m_PVRFilteringGaussRadiusAO: 2
    m_PVRFilteringAtrousPositionSigmaDirect: 0.5
    m_PVRFilteringAtrousPositionSigmaIndirect: 2
    m_PVRFilteringAtrousPositionSigmaAO: 1
    m_ShowResolutionOverlay: 1
  m_LightingDataAsset: {fileID: 0}
  m_UseShadowmask: 1
--- !u!196 &4
NavMeshSettings:
  serializedVersion: 2
  m_ObjectHideFlags: 0
  m_BuildSettings:
    serializedVersion: 2
    agentTypeID: 0
    agentRadius: 0.5
    agentHeight: 2
    agentSlope: 45
    agentClimb: 0.4
    ledgeDropHeight: 0
    maxJumpAcrossDistance: 0
    minRegionArea: 2
    manualCellSize: 0
    cellSize: 0.16666667
    manualTileSize: 0
    tileSize: 256
    accuratePlacement: 0
    debug:
      m_Flags: 0
  m_NavMeshData: {fileID: 0}
--- !u!1001 &38111412
Prefab:
  m_ObjectHideFlags: 0
  serializedVersion: 2
  m_Modification:
    m_TransformParent: {fileID: 0}
    m_Modifications:
    - target: {fileID: 4541142303025740, guid: d29bc40b7f3df26479d6a0aac211c355, type: 2}
      propertyPath: m_LocalPosition.x
      value: 0
      objectReference: {fileID: 0}
    - target: {fileID: 4541142303025740, guid: d29bc40b7f3df26479d6a0aac211c355, type: 2}
      propertyPath: m_LocalPosition.y
      value: 0
      objectReference: {fileID: 0}
    - target: {fileID: 4541142303025740, guid: d29bc40b7f3df26479d6a0aac211c355, type: 2}
      propertyPath: m_LocalPosition.z
      value: 0
      objectReference: {fileID: 0}
    - target: {fileID: 4541142303025740, guid: d29bc40b7f3df26479d6a0aac211c355, type: 2}
      propertyPath: m_LocalRotation.x
      value: 0
      objectReference: {fileID: 0}
    - target: {fileID: 4541142303025740, guid: d29bc40b7f3df26479d6a0aac211c355, type: 2}
      propertyPath: m_LocalRotation.y
      value: 0
      objectReference: {fileID: 0}
    - target: {fileID: 4541142303025740, guid: d29bc40b7f3df26479d6a0aac211c355, type: 2}
      propertyPath: m_LocalRotation.z
      value: 0
      objectReference: {fileID: 0}
    - target: {fileID: 4541142303025740, guid: d29bc40b7f3df26479d6a0aac211c355, type: 2}
      propertyPath: m_LocalRotation.w
      value: 1
      objectReference: {fileID: 0}
    - target: {fileID: 4541142303025740, guid: d29bc40b7f3df26479d6a0aac211c355, type: 2}
      propertyPath: m_RootOrder
      value: 0
      objectReference: {fileID: 0}
    m_RemovedComponents: []
  m_ParentPrefab: {fileID: 100100000, guid: d29bc40b7f3df26479d6a0aac211c355, type: 2}
  m_IsPrefabParent: 0
--- !u!1 &236571150 stripped
GameObject:
  m_PrefabParentObject: {fileID: 1076801976230116, guid: dbf1691575a1c444dbbdc37f6d997fdf,
    type: 2}
  m_PrefabInternal: {fileID: 567299754}
--- !u!4 &236571151 stripped
Transform:
  m_PrefabParentObject: {fileID: 4943820050862000, guid: dbf1691575a1c444dbbdc37f6d997fdf,
    type: 2}
  m_PrefabInternal: {fileID: 567299754}
--- !u!114 &288537633 stripped
MonoBehaviour:
  m_PrefabParentObject: {fileID: 114611684728110934, guid: a611e772ef8ddf64d8106a9cbb70f31c,
    type: 2}
  m_PrefabInternal: {fileID: 836559189}
  m_Script: {fileID: 11500000, guid: 0decd33ba8702954885a62b5bc1a778e, type: 3}
--- !u!1001 &510449756
Prefab:
  m_ObjectHideFlags: 0
  serializedVersion: 2
  m_Modification:
    m_TransformParent: {fileID: 1055673053}
    m_Modifications:
    - target: {fileID: 4382654652814782, guid: ce393a5f9c1c39046ace36ec1221dbb6, type: 2}
      propertyPath: m_LocalPosition.x
      value: 0
      objectReference: {fileID: 0}
    - target: {fileID: 4382654652814782, guid: ce393a5f9c1c39046ace36ec1221dbb6, type: 2}
      propertyPath: m_LocalPosition.y
      value: 0
      objectReference: {fileID: 0}
    - target: {fileID: 4382654652814782, guid: ce393a5f9c1c39046ace36ec1221dbb6, type: 2}
      propertyPath: m_LocalPosition.z
      value: 0
      objectReference: {fileID: 0}
    - target: {fileID: 4382654652814782, guid: ce393a5f9c1c39046ace36ec1221dbb6, type: 2}
      propertyPath: m_LocalRotation.x
      value: -0
      objectReference: {fileID: 0}
    - target: {fileID: 4382654652814782, guid: ce393a5f9c1c39046ace36ec1221dbb6, type: 2}
      propertyPath: m_LocalRotation.y
      value: -0
      objectReference: {fileID: 0}
    - target: {fileID: 4382654652814782, guid: ce393a5f9c1c39046ace36ec1221dbb6, type: 2}
      propertyPath: m_LocalRotation.z
      value: -0
      objectReference: {fileID: 0}
    - target: {fileID: 4382654652814782, guid: ce393a5f9c1c39046ace36ec1221dbb6, type: 2}
      propertyPath: m_LocalRotation.w
      value: 1
      objectReference: {fileID: 0}
    - target: {fileID: 4382654652814782, guid: ce393a5f9c1c39046ace36ec1221dbb6, type: 2}
      propertyPath: m_RootOrder
      value: 1
      objectReference: {fileID: 0}
    m_RemovedComponents: []
  m_ParentPrefab: {fileID: 100100000, guid: ce393a5f9c1c39046ace36ec1221dbb6, type: 2}
  m_IsPrefabParent: 0
--- !u!1001 &567299754
Prefab:
  m_ObjectHideFlags: 0
  serializedVersion: 2
  m_Modification:
    m_TransformParent: {fileID: 1055673053}
    m_Modifications:
    - target: {fileID: 4943820050862000, guid: dbf1691575a1c444dbbdc37f6d997fdf, type: 2}
      propertyPath: m_LocalPosition.x
      value: -0.3979
      objectReference: {fileID: 0}
    - target: {fileID: 4943820050862000, guid: dbf1691575a1c444dbbdc37f6d997fdf, type: 2}
      propertyPath: m_LocalPosition.y
      value: 0.0241
      objectReference: {fileID: 0}
    - target: {fileID: 4943820050862000, guid: dbf1691575a1c444dbbdc37f6d997fdf, type: 2}
      propertyPath: m_LocalPosition.z
      value: -0.402
      objectReference: {fileID: 0}
    - target: {fileID: 4943820050862000, guid: dbf1691575a1c444dbbdc37f6d997fdf, type: 2}
      propertyPath: m_LocalRotation.x
      value: -0
      objectReference: {fileID: 0}
    - target: {fileID: 4943820050862000, guid: dbf1691575a1c444dbbdc37f6d997fdf, type: 2}
      propertyPath: m_LocalRotation.y
      value: -0
      objectReference: {fileID: 0}
    - target: {fileID: 4943820050862000, guid: dbf1691575a1c444dbbdc37f6d997fdf, type: 2}
      propertyPath: m_LocalRotation.z
      value: -0
      objectReference: {fileID: 0}
    - target: {fileID: 4943820050862000, guid: dbf1691575a1c444dbbdc37f6d997fdf, type: 2}
      propertyPath: m_LocalRotation.w
      value: 1
      objectReference: {fileID: 0}
    - target: {fileID: 4943820050862000, guid: dbf1691575a1c444dbbdc37f6d997fdf, type: 2}
      propertyPath: m_RootOrder
      value: 3
      objectReference: {fileID: 0}
    m_RemovedComponents: []
  m_ParentPrefab: {fileID: 100100000, guid: dbf1691575a1c444dbbdc37f6d997fdf, type: 2}
  m_IsPrefabParent: 0
--- !u!1001 &802810319
Prefab:
  m_ObjectHideFlags: 0
  serializedVersion: 2
  m_Modification:
    m_TransformParent: {fileID: 1055673053}
    m_Modifications:
    - target: {fileID: 23363882652550740, guid: 93bf63f4f0d55ea499b59b2a61c7bc25,
        type: 2}
      propertyPath: m_Materials.Array.size
      value: 1
      objectReference: {fileID: 0}
    - target: {fileID: 4001065894961908, guid: 93bf63f4f0d55ea499b59b2a61c7bc25, type: 2}
      propertyPath: m_LocalPosition.x
      value: 0.219
      objectReference: {fileID: 0}
    - target: {fileID: 4001065894961908, guid: 93bf63f4f0d55ea499b59b2a61c7bc25, type: 2}
      propertyPath: m_LocalPosition.y
      value: 0.004
      objectReference: {fileID: 0}
    - target: {fileID: 4001065894961908, guid: 93bf63f4f0d55ea499b59b2a61c7bc25, type: 2}
      propertyPath: m_LocalPosition.z
      value: 0.167
      objectReference: {fileID: 0}
    - target: {fileID: 4001065894961908, guid: 93bf63f4f0d55ea499b59b2a61c7bc25, type: 2}
      propertyPath: m_LocalRotation.x
      value: 0
      objectReference: {fileID: 0}
    - target: {fileID: 4001065894961908, guid: 93bf63f4f0d55ea499b59b2a61c7bc25, type: 2}
      propertyPath: m_LocalRotation.y
      value: 0.38268343
      objectReference: {fileID: 0}
    - target: {fileID: 4001065894961908, guid: 93bf63f4f0d55ea499b59b2a61c7bc25, type: 2}
      propertyPath: m_LocalRotation.z
      value: 0
      objectReference: {fileID: 0}
    - target: {fileID: 4001065894961908, guid: 93bf63f4f0d55ea499b59b2a61c7bc25, type: 2}
      propertyPath: m_LocalRotation.w
      value: 0.92387956
      objectReference: {fileID: 0}
    - target: {fileID: 4001065894961908, guid: 93bf63f4f0d55ea499b59b2a61c7bc25, type: 2}
      propertyPath: m_RootOrder
      value: 2
      objectReference: {fileID: 0}
    - target: {fileID: 65817893707792884, guid: 93bf63f4f0d55ea499b59b2a61c7bc25,
        type: 2}
      propertyPath: m_Enabled
      value: 1
      objectReference: {fileID: 0}
    - target: {fileID: 23363882652550740, guid: 93bf63f4f0d55ea499b59b2a61c7bc25,
        type: 2}
      propertyPath: m_Materials.Array.data[0]
      value: 
      objectReference: {fileID: 0}
    - target: {fileID: 23363882652550740, guid: 93bf63f4f0d55ea499b59b2a61c7bc25,
        type: 2}
      propertyPath: m_Materials.Array.data[1]
      value: 
      objectReference: {fileID: 2100000, guid: 07e6460d2ecd5b54db4204bf0743e0cf, type: 2}
    - target: {fileID: 23363882652550740, guid: 93bf63f4f0d55ea499b59b2a61c7bc25,
        type: 2}
      propertyPath: m_Materials.Array.data[2]
      value: 
      objectReference: {fileID: 2100000, guid: 07e6460d2ecd5b54db4204bf0743e0cf, type: 2}
    - target: {fileID: 23363882652550740, guid: 93bf63f4f0d55ea499b59b2a61c7bc25,
        type: 2}
      propertyPath: m_Materials.Array.data[3]
      value: 
      objectReference: {fileID: 2100000, guid: 07e6460d2ecd5b54db4204bf0743e0cf, type: 2}
    - target: {fileID: 23363882652550740, guid: 93bf63f4f0d55ea499b59b2a61c7bc25,
        type: 2}
      propertyPath: m_Materials.Array.data[4]
      value: 
      objectReference: {fileID: 2100000, guid: 07e6460d2ecd5b54db4204bf0743e0cf, type: 2}
    - target: {fileID: 23363882652550740, guid: 93bf63f4f0d55ea499b59b2a61c7bc25,
        type: 2}
      propertyPath: m_Materials.Array.data[5]
      value: 
      objectReference: {fileID: 2100000, guid: 07e6460d2ecd5b54db4204bf0743e0cf, type: 2}
    - target: {fileID: 23363882652550740, guid: 93bf63f4f0d55ea499b59b2a61c7bc25,
        type: 2}
      propertyPath: m_Materials.Array.data[6]
      value: 
      objectReference: {fileID: 2100000, guid: 07e6460d2ecd5b54db4204bf0743e0cf, type: 2}
    - target: {fileID: 23363882652550740, guid: 93bf63f4f0d55ea499b59b2a61c7bc25,
        type: 2}
      propertyPath: m_Materials.Array.data[7]
      value: 
      objectReference: {fileID: 2100000, guid: 07e6460d2ecd5b54db4204bf0743e0cf, type: 2}
    - target: {fileID: 23363882652550740, guid: 93bf63f4f0d55ea499b59b2a61c7bc25,
        type: 2}
      propertyPath: m_Materials.Array.data[8]
      value: 
      objectReference: {fileID: 2100000, guid: 07e6460d2ecd5b54db4204bf0743e0cf, type: 2}
    - target: {fileID: 23363882652550740, guid: 93bf63f4f0d55ea499b59b2a61c7bc25,
        type: 2}
      propertyPath: m_Materials.Array.data[9]
      value: 
      objectReference: {fileID: 2100000, guid: 07e6460d2ecd5b54db4204bf0743e0cf, type: 2}
    - target: {fileID: 23363882652550740, guid: 93bf63f4f0d55ea499b59b2a61c7bc25,
        type: 2}
      propertyPath: m_DynamicOccludee
      value: 1
      objectReference: {fileID: 0}
    - target: {fileID: 114069425002770430, guid: 93bf63f4f0d55ea499b59b2a61c7bc25,
        type: 2}
      propertyPath: goal
      value: 
      objectReference: {fileID: 236571150}
    - target: {fileID: 114069425002770430, guid: 93bf63f4f0d55ea499b59b2a61c7bc25,
        type: 2}
      propertyPath: tank
      value: 
      objectReference: {fileID: 2057391726}
    - target: {fileID: 1143371450922796, guid: 93bf63f4f0d55ea499b59b2a61c7bc25, type: 2}
      propertyPath: m_Layer
      value: 0
      objectReference: {fileID: 0}
    - target: {fileID: 1347262272879996, guid: 93bf63f4f0d55ea499b59b2a61c7bc25, type: 2}
      propertyPath: m_Layer
      value: 0
      objectReference: {fileID: 0}
    - target: {fileID: 1977091395823274, guid: 93bf63f4f0d55ea499b59b2a61c7bc25, type: 2}
      propertyPath: m_Layer
      value: 0
      objectReference: {fileID: 0}
    - target: {fileID: 1088631651968654, guid: 93bf63f4f0d55ea499b59b2a61c7bc25, type: 2}
      propertyPath: m_Layer
      value: 0
      objectReference: {fileID: 0}
    - target: {fileID: 1786375091576464, guid: 93bf63f4f0d55ea499b59b2a61c7bc25, type: 2}
      propertyPath: m_Layer
      value: 0
      objectReference: {fileID: 0}
    - target: {fileID: 1573970492040342, guid: 93bf63f4f0d55ea499b59b2a61c7bc25, type: 2}
      propertyPath: m_Layer
      value: 0
      objectReference: {fileID: 0}
    - target: {fileID: 1258058979272782, guid: 93bf63f4f0d55ea499b59b2a61c7bc25, type: 2}
      propertyPath: m_Layer
      value: 0
      objectReference: {fileID: 0}
    - target: {fileID: 1545824426296688, guid: 93bf63f4f0d55ea499b59b2a61c7bc25, type: 2}
      propertyPath: m_Layer
      value: 0
      objectReference: {fileID: 0}
    - target: {fileID: 1486086360728548, guid: 93bf63f4f0d55ea499b59b2a61c7bc25, type: 2}
      propertyPath: m_Layer
      value: 0
      objectReference: {fileID: 0}
    - target: {fileID: 1962095956490398, guid: 93bf63f4f0d55ea499b59b2a61c7bc25, type: 2}
      propertyPath: m_Layer
      value: 0
      objectReference: {fileID: 0}
    - target: {fileID: 1755709859346062, guid: 93bf63f4f0d55ea499b59b2a61c7bc25, type: 2}
      propertyPath: m_Layer
      value: 0
      objectReference: {fileID: 0}
    - target: {fileID: 1774962032335512, guid: 93bf63f4f0d55ea499b59b2a61c7bc25, type: 2}
      propertyPath: m_Layer
      value: 0
      objectReference: {fileID: 0}
    - target: {fileID: 1523901394332748, guid: 93bf63f4f0d55ea499b59b2a61c7bc25, type: 2}
      propertyPath: m_Layer
      value: 0
      objectReference: {fileID: 0}
    - target: {fileID: 1533651807731084, guid: 93bf63f4f0d55ea499b59b2a61c7bc25, type: 2}
      propertyPath: m_Layer
      value: 0
      objectReference: {fileID: 0}
    - target: {fileID: 1689772725151960, guid: 93bf63f4f0d55ea499b59b2a61c7bc25, type: 2}
      propertyPath: m_Layer
      value: 0
      objectReference: {fileID: 0}
    m_RemovedComponents:
    - {fileID: 54154260141274374, guid: 93bf63f4f0d55ea499b59b2a61c7bc25, type: 2}
  m_ParentPrefab: {fileID: 100100000, guid: 93bf63f4f0d55ea499b59b2a61c7bc25, type: 2}
  m_IsPrefabParent: 0
--- !u!1001 &836559189
Prefab:
  m_ObjectHideFlags: 0
  serializedVersion: 2
  m_Modification:
    m_TransformParent: {fileID: 0}
    m_Modifications:
    - target: {fileID: 4000011792100794, guid: a611e772ef8ddf64d8106a9cbb70f31c, type: 2}
      propertyPath: m_LocalPosition.x
      value: 0
      objectReference: {fileID: 0}
    - target: {fileID: 4000011792100794, guid: a611e772ef8ddf64d8106a9cbb70f31c, type: 2}
      propertyPath: m_LocalPosition.y
      value: 0
      objectReference: {fileID: 0}
    - target: {fileID: 4000011792100794, guid: a611e772ef8ddf64d8106a9cbb70f31c, type: 2}
      propertyPath: m_LocalPosition.z
      value: 0
      objectReference: {fileID: 0}
    - target: {fileID: 4000011792100794, guid: a611e772ef8ddf64d8106a9cbb70f31c, type: 2}
      propertyPath: m_LocalRotation.x
      value: 0
      objectReference: {fileID: 0}
    - target: {fileID: 4000011792100794, guid: a611e772ef8ddf64d8106a9cbb70f31c, type: 2}
      propertyPath: m_LocalRotation.y
      value: 0
      objectReference: {fileID: 0}
    - target: {fileID: 4000011792100794, guid: a611e772ef8ddf64d8106a9cbb70f31c, type: 2}
      propertyPath: m_LocalRotation.z
      value: 0
      objectReference: {fileID: 0}
    - target: {fileID: 4000011792100794, guid: a611e772ef8ddf64d8106a9cbb70f31c, type: 2}
      propertyPath: m_LocalRotation.w
      value: 1
      objectReference: {fileID: 0}
    - target: {fileID: 4000011792100794, guid: a611e772ef8ddf64d8106a9cbb70f31c, type: 2}
      propertyPath: m_RootOrder
      value: 1
      objectReference: {fileID: 0}
    - target: {fileID: 1000012072213228, guid: a611e772ef8ddf64d8106a9cbb70f31c, type: 2}
      propertyPath: m_IsActive
      value: 0
      objectReference: {fileID: 0}
    m_RemovedComponents: []
  m_ParentPrefab: {fileID: 100100000, guid: a611e772ef8ddf64d8106a9cbb70f31c, type: 2}
  m_IsPrefabParent: 0
--- !u!1 &865448312
GameObject:
  m_ObjectHideFlags: 0
  m_PrefabParentObject: {fileID: 0}
  m_PrefabInternal: {fileID: 0}
  serializedVersion: 5
  m_Component:
  - component: {fileID: 865448314}
  - component: {fileID: 865448313}
  m_Layer: 0
  m_Name: Directional Light
  m_TagString: Untagged
  m_Icon: {fileID: 0}
  m_NavMeshLayer: 0
  m_StaticEditorFlags: 0
  m_IsActive: 1
--- !u!108 &865448313
Light:
  m_ObjectHideFlags: 0
  m_PrefabParentObject: {fileID: 0}
  m_PrefabInternal: {fileID: 0}
  m_GameObject: {fileID: 865448312}
  m_Enabled: 1
  serializedVersion: 8
  m_Type: 1
  m_Color: {r: 1, g: 0.95686275, b: 0.8392157, a: 1}
  m_Intensity: 1
  m_Range: 10
  m_SpotAngle: 30
  m_CookieSize: 10
  m_Shadows:
    m_Type: 2
    m_Resolution: -1
    m_CustomResolution: -1
    m_Strength: 1
    m_Bias: 0.05
    m_NormalBias: 0.4
    m_NearPlane: 0.2
  m_Cookie: {fileID: 0}
  m_DrawHalo: 0
  m_Flare: {fileID: 0}
  m_RenderMode: 0
  m_CullingMask:
    serializedVersion: 2
    m_Bits: 4294967295
  m_Lightmapping: 4
  m_AreaSize: {x: 1, y: 1}
  m_BounceIntensity: 1
  m_ColorTemperature: 6570
  m_UseColorTemperature: 0
  m_ShadowRadius: 0
  m_ShadowAngle: 0
--- !u!4 &865448314
Transform:
  m_ObjectHideFlags: 0
  m_PrefabParentObject: {fileID: 0}
  m_PrefabInternal: {fileID: 0}
  m_GameObject: {fileID: 865448312}
  m_LocalRotation: {x: 0.40821788, y: -0.23456968, z: 0.10938163, w: 0.8754261}
  m_LocalPosition: {x: 0, y: 3, z: 0}
  m_LocalScale: {x: 1, y: 1, z: 1}
  m_Children: []
  m_Father: {fileID: 0}
  m_RootOrder: 3
  m_LocalEulerAnglesHint: {x: 50, y: -30, z: 0}
--- !u!1 &1055673052
GameObject:
  m_ObjectHideFlags: 0
  m_PrefabParentObject: {fileID: 0}
  m_PrefabInternal: {fileID: 0}
  serializedVersion: 5
  m_Component:
  - component: {fileID: 1055673053}
  - component: {fileID: 1055673054}
  - component: {fileID: 1055673055}
  m_Layer: 0
  m_Name: World1
  m_TagString: Untagged
  m_Icon: {fileID: 0}
  m_NavMeshLayer: 0
  m_StaticEditorFlags: 0
  m_IsActive: 1
--- !u!4 &1055673053
Transform:
  m_ObjectHideFlags: 0
  m_PrefabParentObject: {fileID: 0}
  m_PrefabInternal: {fileID: 0}
  m_GameObject: {fileID: 1055673052}
  m_LocalRotation: {x: 0, y: 0, z: 0, w: 1}
  m_LocalPosition: {x: 0, y: -0.5, z: 2}
  m_LocalScale: {x: 1, y: 1, z: 1}
  m_Children:
  - {fileID: 2042334929}
  - {fileID: 2044067037}
  - {fileID: 1362418165}
  - {fileID: 236571151}
  m_Father: {fileID: 0}
  m_RootOrder: 4
  m_LocalEulerAnglesHint: {x: 0, y: 0, z: 0}
--- !u!82 &1055673054
AudioSource:
  m_ObjectHideFlags: 0
  m_PrefabParentObject: {fileID: 0}
  m_PrefabInternal: {fileID: 0}
  m_GameObject: {fileID: 1055673052}
  m_Enabled: 1
  serializedVersion: 4
  OutputAudioMixerGroup: {fileID: 0}
  m_audioClip: {fileID: 8300000, guid: 05de71d0d8378fc498a6cb04c4c3045d, type: 3}
  m_PlayOnAwake: 1
  m_Volume: 1
  m_Pitch: 1
  Loop: 1
  Mute: 0
  Spatialize: 0
  SpatializePostEffects: 0
  Priority: 128
  DopplerLevel: 1
  MinDistance: 1
  MaxDistance: 500
  Pan2D: 0
  rolloffMode: 0
  BypassEffects: 0
  BypassListenerEffects: 0
  BypassReverbZones: 0
  rolloffCustomCurve:
    serializedVersion: 2
    m_Curve:
    - serializedVersion: 2
      time: 0
      value: 1
      inSlope: 0
      outSlope: 0
      tangentMode: 0
    - serializedVersion: 2
      time: 1
      value: 0
      inSlope: 0
      outSlope: 0
      tangentMode: 0
    m_PreInfinity: 2
    m_PostInfinity: 2
    m_RotationOrder: 4
  panLevelCustomCurve:
    serializedVersion: 2
    m_Curve:
    - serializedVersion: 2
      time: 0
      value: 1
      inSlope: 0
      outSlope: 0
      tangentMode: 0
    m_PreInfinity: 2
    m_PostInfinity: 2
    m_RotationOrder: 0
  spreadCustomCurve:
    serializedVersion: 2
    m_Curve:
    - serializedVersion: 2
      time: 0
      value: 0
      inSlope: 0
      outSlope: 0
      tangentMode: 0
    m_PreInfinity: 2
    m_PostInfinity: 2
    m_RotationOrder: 0
  reverbZoneMixCustomCurve:
    serializedVersion: 2
    m_Curve:
    - serializedVersion: 2
      time: 0
      value: 1
      inSlope: 0
      outSlope: 0
      tangentMode: 0
    m_PreInfinity: 2
    m_PostInfinity: 2
    m_RotationOrder: 0
--- !u!114 &1055673055
MonoBehaviour:
  m_ObjectHideFlags: 0
  m_PrefabParentObject: {fileID: 0}
  m_PrefabInternal: {fileID: 0}
  m_GameObject: {fileID: 1055673052}
  m_Enabled: 1
  m_EditorHideFlags: 0
  m_Script: {fileID: 11500000, guid: 607289d8e1371e34f81c2770f226fc89, type: 3}
  m_Name: 
  m_EditorClassIdentifier: 
--- !u!1001 &1236119879
Prefab:
  m_ObjectHideFlags: 0
  serializedVersion: 2
  m_Modification:
    m_TransformParent: {fileID: 0}
    m_Modifications:
    - target: {fileID: 470424, guid: acfd94a7224ae164abf9eb76c8c5215f, type: 2}
      propertyPath: m_LocalPosition.x
      value: 0
      objectReference: {fileID: 0}
    - target: {fileID: 470424, guid: acfd94a7224ae164abf9eb76c8c5215f, type: 2}
      propertyPath: m_LocalPosition.y
      value: 0
      objectReference: {fileID: 0}
    - target: {fileID: 470424, guid: acfd94a7224ae164abf9eb76c8c5215f, type: 2}
      propertyPath: m_LocalPosition.z
      value: -1
      objectReference: {fileID: 0}
    - target: {fileID: 470424, guid: acfd94a7224ae164abf9eb76c8c5215f, type: 2}
      propertyPath: m_LocalRotation.x
      value: 0
      objectReference: {fileID: 0}
    - target: {fileID: 470424, guid: acfd94a7224ae164abf9eb76c8c5215f, type: 2}
      propertyPath: m_LocalRotation.y
      value: 0
      objectReference: {fileID: 0}
    - target: {fileID: 470424, guid: acfd94a7224ae164abf9eb76c8c5215f, type: 2}
      propertyPath: m_LocalRotation.z
      value: 0
      objectReference: {fileID: 0}
    - target: {fileID: 470424, guid: acfd94a7224ae164abf9eb76c8c5215f, type: 2}
      propertyPath: m_LocalRotation.w
      value: 1
      objectReference: {fileID: 0}
    - target: {fileID: 470424, guid: acfd94a7224ae164abf9eb76c8c5215f, type: 2}
      propertyPath: m_RootOrder
      value: 5
      objectReference: {fileID: 0}
    - target: {fileID: 438724, guid: acfd94a7224ae164abf9eb76c8c5215f, type: 2}
      propertyPath: m_LocalPosition.x
      value: 0
      objectReference: {fileID: 0}
    m_RemovedComponents: []
  m_ParentPrefab: {fileID: 100100000, guid: acfd94a7224ae164abf9eb76c8c5215f, type: 2}
  m_IsPrefabParent: 0
--- !u!1001 &1356549905
Prefab:
  m_ObjectHideFlags: 0
  serializedVersion: 2
  m_Modification:
    m_TransformParent: {fileID: 0}
    m_Modifications:
    - target: {fileID: 4000012659030676, guid: e7260e34e3f34cd49855f2ec3d83ac12, type: 2}
      propertyPath: m_LocalPosition.x
      value: 0
      objectReference: {fileID: 0}
    - target: {fileID: 4000012659030676, guid: e7260e34e3f34cd49855f2ec3d83ac12, type: 2}
      propertyPath: m_LocalPosition.y
      value: 0
      objectReference: {fileID: 0}
    - target: {fileID: 4000012659030676, guid: e7260e34e3f34cd49855f2ec3d83ac12, type: 2}
      propertyPath: m_LocalPosition.z
      value: 0
      objectReference: {fileID: 0}
    - target: {fileID: 4000012659030676, guid: e7260e34e3f34cd49855f2ec3d83ac12, type: 2}
      propertyPath: m_LocalRotation.x
      value: 0
      objectReference: {fileID: 0}
    - target: {fileID: 4000012659030676, guid: e7260e34e3f34cd49855f2ec3d83ac12, type: 2}
      propertyPath: m_LocalRotation.y
      value: 0
      objectReference: {fileID: 0}
    - target: {fileID: 4000012659030676, guid: e7260e34e3f34cd49855f2ec3d83ac12, type: 2}
      propertyPath: m_LocalRotation.z
      value: 0
      objectReference: {fileID: 0}
    - target: {fileID: 4000012659030676, guid: e7260e34e3f34cd49855f2ec3d83ac12, type: 2}
      propertyPath: m_LocalRotation.w
      value: 1
      objectReference: {fileID: 0}
    - target: {fileID: 4000012659030676, guid: e7260e34e3f34cd49855f2ec3d83ac12, type: 2}
      propertyPath: m_RootOrder
      value: 6
      objectReference: {fileID: 0}
    - target: {fileID: 114000011744501634, guid: e7260e34e3f34cd49855f2ec3d83ac12,
        type: 2}
      propertyPath: drawVisualMeshes
      value: 1
      objectReference: {fileID: 0}
    - target: {fileID: 114000011744501634, guid: e7260e34e3f34cd49855f2ec3d83ac12,
        type: 2}
      propertyPath: DrawMaterial
      value: 
      objectReference: {fileID: 2100000, guid: d698790d3facd3d4289a13fa1243030a, type: 2}
    - target: {fileID: 4000012659030676, guid: e7260e34e3f34cd49855f2ec3d83ac12, type: 2}
      propertyPath: m_LocalScale.x
      value: 1
      objectReference: {fileID: 0}
    - target: {fileID: 4000012659030676, guid: e7260e34e3f34cd49855f2ec3d83ac12, type: 2}
      propertyPath: m_LocalScale.y
      value: 1
      objectReference: {fileID: 0}
    - target: {fileID: 4000012659030676, guid: e7260e34e3f34cd49855f2ec3d83ac12, type: 2}
      propertyPath: m_LocalScale.z
      value: 1
      objectReference: {fileID: 0}
    - target: {fileID: 1000012674329276, guid: e7260e34e3f34cd49855f2ec3d83ac12, type: 2}
      propertyPath: m_Layer
      value: 0
      objectReference: {fileID: 0}
    - target: {fileID: 114000012342941982, guid: e7260e34e3f34cd49855f2ec3d83ac12,
        type: 2}
      propertyPath: m_VisualMaterial
      value: 
      objectReference: {fileID: 2100000, guid: d698790d3facd3d4289a13fa1243030a, type: 2}
    - target: {fileID: 114000012342941982, guid: e7260e34e3f34cd49855f2ec3d83ac12,
        type: 2}
      propertyPath: m_CurrentRenderState
      value: 1
      objectReference: {fileID: 0}
    - target: {fileID: 114000011226809484, guid: e7260e34e3f34cd49855f2ec3d83ac12,
        type: 2}
      propertyPath: m_Layer
      value: 8
      objectReference: {fileID: 0}
    m_RemovedComponents: []
  m_ParentPrefab: {fileID: 100100000, guid: e7260e34e3f34cd49855f2ec3d83ac12, type: 2}
  m_IsPrefabParent: 0
--- !u!4 &1362418165 stripped
Transform:
  m_PrefabParentObject: {fileID: 4001065894961908, guid: 93bf63f4f0d55ea499b59b2a61c7bc25,
    type: 2}
  m_PrefabInternal: {fileID: 802810319}
--- !u!1 &1539671386
GameObject:
  m_ObjectHideFlags: 0
  m_PrefabParentObject: {fileID: 0}
  m_PrefabInternal: {fileID: 0}
  serializedVersion: 5
  m_Component:
  - component: {fileID: 1539671387}
  - component: {fileID: 1539671390}
  - component: {fileID: 1539671389}
  - component: {fileID: 1539671388}
  - component: {fileID: 1539671391}
  m_Layer: 0
  m_Name: Terrain
  m_TagString: Untagged
  m_Icon: {fileID: 0}
  m_NavMeshLayer: 0
  m_StaticEditorFlags: 0
  m_IsActive: 1
--- !u!4 &1539671387
Transform:
  m_ObjectHideFlags: 0
  m_PrefabParentObject: {fileID: 0}
  m_PrefabInternal: {fileID: 0}
  m_GameObject: {fileID: 1539671386}
  m_LocalRotation: {x: -0, y: -0, z: -0, w: 1}
  m_LocalPosition: {x: 0, y: 0, z: 0}
  m_LocalScale: {x: 0.1, y: 1, z: 0.1}
  m_Children: []
  m_Father: {fileID: 2042334929}
  m_RootOrder: 0
  m_LocalEulerAnglesHint: {x: 0, y: 0, z: 0}
--- !u!23 &1539671388
MeshRenderer:
  m_ObjectHideFlags: 0
  m_PrefabParentObject: {fileID: 0}
  m_PrefabInternal: {fileID: 0}
  m_GameObject: {fileID: 1539671386}
  m_Enabled: 1
  m_CastShadows: 1
  m_ReceiveShadows: 1
  m_DynamicOccludee: 1
  m_MotionVectors: 1
  m_LightProbeUsage: 1
  m_ReflectionProbeUsage: 1
  m_Materials:
  - {fileID: 2100000, guid: 07e6460d2ecd5b54db4204bf0743e0cf, type: 2}
  m_StaticBatchInfo:
    firstSubMesh: 0
    subMeshCount: 0
  m_StaticBatchRoot: {fileID: 0}
  m_ProbeAnchor: {fileID: 0}
  m_LightProbeVolumeOverride: {fileID: 0}
  m_ScaleInLightmap: 1
  m_PreserveUVs: 1
  m_IgnoreNormalsForChartDetection: 0
  m_ImportantGI: 0
  m_StitchLightmapSeams: 0
  m_SelectedEditorRenderState: 3
  m_MinimumChartSize: 4
  m_AutoUVMaxDistance: 0.5
  m_AutoUVMaxAngle: 89
  m_LightmapParameters: {fileID: 0}
  m_SortingLayerID: 0
  m_SortingLayer: 0
  m_SortingOrder: 0
--- !u!64 &1539671389
MeshCollider:
  m_ObjectHideFlags: 0
  m_PrefabParentObject: {fileID: 0}
  m_PrefabInternal: {fileID: 0}
  m_GameObject: {fileID: 1539671386}
  m_Material: {fileID: 0}
  m_IsTrigger: 0
  m_Enabled: 1
  serializedVersion: 3
  m_Convex: 0
  m_CookingOptions: 14
  m_SkinWidth: 0.01
  m_Mesh: {fileID: 10209, guid: 0000000000000000e000000000000000, type: 0}
--- !u!33 &1539671390
MeshFilter:
  m_ObjectHideFlags: 0
  m_PrefabParentObject: {fileID: 0}
  m_PrefabInternal: {fileID: 0}
  m_GameObject: {fileID: 1539671386}
  m_Mesh: {fileID: 10209, guid: 0000000000000000e000000000000000, type: 0}
--- !u!65 &1539671391
BoxCollider:
  m_ObjectHideFlags: 0
  m_PrefabParentObject: {fileID: 0}
  m_PrefabInternal: {fileID: 0}
  m_GameObject: {fileID: 1539671386}
  m_Material: {fileID: 0}
  m_IsTrigger: 0
  m_Enabled: 1
  serializedVersion: 2
  m_Size: {x: 10, y: 2.220446e-16, z: 10}
  m_Center: {x: 0, y: 0, z: 0.0000019073486}
--- !u!1001 &1559141432
Prefab:
  m_ObjectHideFlags: 0
  serializedVersion: 2
  m_Modification:
    m_TransformParent: {fileID: 0}
    m_Modifications:
    - target: {fileID: 4000011656901714, guid: 3eddd1c29199313478dd3f912bfab2ab, type: 2}
      propertyPath: m_LocalPosition.x
      value: 0
      objectReference: {fileID: 0}
    - target: {fileID: 4000011656901714, guid: 3eddd1c29199313478dd3f912bfab2ab, type: 2}
      propertyPath: m_LocalPosition.y
      value: 0
      objectReference: {fileID: 0}
    - target: {fileID: 4000011656901714, guid: 3eddd1c29199313478dd3f912bfab2ab, type: 2}
      propertyPath: m_LocalPosition.z
      value: 0
      objectReference: {fileID: 0}
    - target: {fileID: 4000011656901714, guid: 3eddd1c29199313478dd3f912bfab2ab, type: 2}
      propertyPath: m_LocalRotation.x
      value: -0
      objectReference: {fileID: 0}
    - target: {fileID: 4000011656901714, guid: 3eddd1c29199313478dd3f912bfab2ab, type: 2}
      propertyPath: m_LocalRotation.y
      value: -0
      objectReference: {fileID: 0}
    - target: {fileID: 4000011656901714, guid: 3eddd1c29199313478dd3f912bfab2ab, type: 2}
      propertyPath: m_LocalRotation.z
      value: -0
      objectReference: {fileID: 0}
    - target: {fileID: 4000011656901714, guid: 3eddd1c29199313478dd3f912bfab2ab, type: 2}
      propertyPath: m_LocalRotation.w
      value: 1
      objectReference: {fileID: 0}
    - target: {fileID: 4000011656901714, guid: 3eddd1c29199313478dd3f912bfab2ab, type: 2}
      propertyPath: m_RootOrder
      value: 2
      objectReference: {fileID: 0}
    - target: {fileID: 114742747811649402, guid: 3eddd1c29199313478dd3f912bfab2ab,
        type: 2}
      propertyPath: Cursor
      value: 
      objectReference: {fileID: 288537633}
    - target: {fileID: 1000011070707148, guid: 3eddd1c29199313478dd3f912bfab2ab, type: 2}
      propertyPath: m_IsActive
      value: 0
      objectReference: {fileID: 0}
    m_RemovedComponents: []
  m_ParentPrefab: {fileID: 100100000, guid: 3eddd1c29199313478dd3f912bfab2ab, type: 2}
  m_IsPrefabParent: 0
--- !u!1 &1824369657
GameObject:
  m_ObjectHideFlags: 0
  m_PrefabParentObject: {fileID: 0}
  m_PrefabInternal: {fileID: 0}
  serializedVersion: 5
  m_Component:
  - component: {fileID: 1824369658}
  - component: {fileID: 1824369661}
  - component: {fileID: 1824369660}
  - component: {fileID: 1824369659}
  m_Layer: 0
  m_Name: TerrainStage
  m_TagString: Untagged
  m_Icon: {fileID: 0}
  m_NavMeshLayer: 0
  m_StaticEditorFlags: 0
  m_IsActive: 1
--- !u!4 &1824369658
Transform:
  m_ObjectHideFlags: 0
  m_PrefabParentObject: {fileID: 0}
  m_PrefabInternal: {fileID: 0}
  m_GameObject: {fileID: 1824369657}
  m_LocalRotation: {x: -0, y: -0, z: -0, w: 1}
  m_LocalPosition: {x: 0, y: -0.006, z: 0}
  m_LocalScale: {x: 1, y: 0.01, z: 1}
  m_Children: []
  m_Father: {fileID: 2042334929}
  m_RootOrder: 1
  m_LocalEulerAnglesHint: {x: 0, y: 0, z: 0}
--- !u!23 &1824369659
MeshRenderer:
  m_ObjectHideFlags: 0
  m_PrefabParentObject: {fileID: 0}
  m_PrefabInternal: {fileID: 0}
  m_GameObject: {fileID: 1824369657}
  m_Enabled: 1
  m_CastShadows: 1
  m_ReceiveShadows: 1
  m_DynamicOccludee: 1
  m_MotionVectors: 1
  m_LightProbeUsage: 1
  m_ReflectionProbeUsage: 1
  m_Materials:
  - {fileID: 10303, guid: 0000000000000000f000000000000000, type: 0}
  m_StaticBatchInfo:
    firstSubMesh: 0
    subMeshCount: 0
  m_StaticBatchRoot: {fileID: 0}
  m_ProbeAnchor: {fileID: 0}
  m_LightProbeVolumeOverride: {fileID: 0}
  m_ScaleInLightmap: 1
  m_PreserveUVs: 1
  m_IgnoreNormalsForChartDetection: 0
  m_ImportantGI: 0
  m_StitchLightmapSeams: 0
  m_SelectedEditorRenderState: 3
  m_MinimumChartSize: 4
  m_AutoUVMaxDistance: 0.5
  m_AutoUVMaxAngle: 89
  m_LightmapParameters: {fileID: 0}
  m_SortingLayerID: 0
  m_SortingLayer: 0
  m_SortingOrder: 0
--- !u!65 &1824369660
BoxCollider:
  m_ObjectHideFlags: 0
  m_PrefabParentObject: {fileID: 0}
  m_PrefabInternal: {fileID: 0}
  m_GameObject: {fileID: 1824369657}
  m_Material: {fileID: 0}
  m_IsTrigger: 0
  m_Enabled: 1
  serializedVersion: 2
  m_Size: {x: 1, y: 1, z: 1}
  m_Center: {x: 0, y: 0, z: 0}
--- !u!33 &1824369661
MeshFilter:
  m_ObjectHideFlags: 0
  m_PrefabParentObject: {fileID: 0}
  m_PrefabInternal: {fileID: 0}
  m_GameObject: {fileID: 1824369657}
  m_Mesh: {fileID: 10202, guid: 0000000000000000e000000000000000, type: 0}
--- !u!1 &1929669051 stripped
GameObject:
  m_PrefabParentObject: {fileID: 154114, guid: acfd94a7224ae164abf9eb76c8c5215f, type: 2}
  m_PrefabInternal: {fileID: 1236119879}
--- !u!114 &1929669052
MonoBehaviour:
  m_ObjectHideFlags: 0
  m_PrefabParentObject: {fileID: 0}
  m_PrefabInternal: {fileID: 0}
  m_GameObject: {fileID: 1929669051}
  m_Enabled: 1
  m_EditorHideFlags: 0
  m_Script: {fileID: 11500000, guid: 809ef23f1e2c71645af6f105966eba1b, type: 3}
  m_Name: 
  m_EditorClassIdentifier: 
--- !u!1 &2042334928
GameObject:
  m_ObjectHideFlags: 0
  m_PrefabParentObject: {fileID: 1898486966267752, guid: 862b0c3d040ef1c4d9b0467cc119b3d5,
    type: 2}
  m_PrefabInternal: {fileID: 0}
  serializedVersion: 5
  m_Component:
  - component: {fileID: 2042334929}
  - component: {fileID: 2042334930}
  m_Layer: 0
  m_Name: TerrainStage
  m_TagString: Untagged
  m_Icon: {fileID: 0}
  m_NavMeshLayer: 0
  m_StaticEditorFlags: 0
  m_IsActive: 1
--- !u!4 &2042334929
Transform:
  m_ObjectHideFlags: 0
  m_PrefabParentObject: {fileID: 4226229957857104, guid: 862b0c3d040ef1c4d9b0467cc119b3d5,
    type: 2}
  m_PrefabInternal: {fileID: 0}
  m_GameObject: {fileID: 2042334928}
  m_LocalRotation: {x: -0, y: -0, z: -0, w: 1}
  m_LocalPosition: {x: 0, y: 0, z: 0}
  m_LocalScale: {x: 1, y: 1, z: 1}
  m_Children:
  - {fileID: 1539671387}
  - {fileID: 1824369658}
  m_Father: {fileID: 1055673053}
  m_RootOrder: 0
  m_LocalEulerAnglesHint: {x: 0, y: 0, z: 0}
--- !u!114 &2042334930
MonoBehaviour:
  m_ObjectHideFlags: 0
  m_PrefabParentObject: {fileID: 0}
  m_PrefabInternal: {fileID: 0}
  m_GameObject: {fileID: 2042334928}
  m_Enabled: 1
  m_EditorHideFlags: 0
  m_Script: {fileID: 11500000, guid: 01e2df986736dc646b2d0d06a339acc2, type: 3}
  m_Name: 
  m_EditorClassIdentifier: 
--- !u!4 &2044067037 stripped
Transform:
  m_PrefabParentObject: {fileID: 4382654652814782, guid: ce393a5f9c1c39046ace36ec1221dbb6,
    type: 2}
  m_PrefabInternal: {fileID: 510449756}
--- !u!1 &2057391726 stripped
GameObject:
  m_PrefabParentObject: {fileID: 1977091395823274, guid: 93bf63f4f0d55ea499b59b2a61c7bc25,
    type: 2}
  m_PrefabInternal: {fileID: 802810319}
--- !u!54 &2057391727
Rigidbody:
  m_ObjectHideFlags: 0
  m_PrefabParentObject: {fileID: 0}
  m_PrefabInternal: {fileID: 0}
  m_GameObject: {fileID: 2057391726}
  serializedVersion: 2
  m_Mass: 1
  m_Drag: 0
  m_AngularDrag: 0.05
  m_UseGravity: 1
  m_IsKinematic: 0
  m_Interpolate: 0
  m_Constraints: 0
  m_CollisionDetection: 0
